@online{syseleven:kubernetes, 
	author = {SysEleven MetaKube}, 
	title = {Kubernetes einfach erklärt: Antworten vom Techie für den Noobie}, 
	year = {2019}, 
	url = {https://blog.syseleven.de/kubernetes-einfach-erklaert}
}

@online{redhat:kubernetes, 
	author = {Red Hat}, 
	title = {Kubernetes (k8s) erklärt},
	url = {https://www.redhat.com/de/topics/containers/what-is-kubernetes}
}

@online{cloudowski:openshift, 
	author = {Tomasz Cholewa}, 
	title = {10 most important differences between OpenShift and Kubernetes}, 
	year = {2019}, 
	url = {https://cloudowski.com/articles/10-differences-between-openshift-and-kubernetes/}
}

@online{docker:swarm, 
	author = {Tomasz Cholewa}, 
	title = {10 most important differences between OpenShift and Kubernetes}, 
	url = {https://cloudowski.com/articles/10-differences-between-openshift-and-kubernetes/}
}